\usepackage{url}
%%%tesisupiita )Tesis: UPIITA-IPN
%Copyright (C) 2017 Juan Carlos Guzmán Salgado
%% Griselda Sánchez Otero
% ------------------------------------------------------------------------
% SAMPLE BIBLIOGRAPHY FILE
% ------------------------------------------------------------------------

%Referencias de la Introducción [Ix]
@ARTICLE{I1,
    author={C. W. d. Silva},
	title={«Organization Of The Book,» de Mechatronics. An Integrated Approach},
	journal={CRC PRESS},
	year={2005},
	pages={10},
}

@ARTICLE{I2,
    author={R. Isermann},
    title={Mechatronic Systems. Fundamentals.},
    journal={Springer-Verlag London},
    year={2005},
    pages={624},
}

@misc{I3:2013:Online,
    author = {Secretaria de Energ\'ia.},
    title = {Prospectiva de Energías Renovables 2012-2026},
    year = {2012},
    howpublished = "\url{https://www.energia,gob.mx}",
    urldate = {25-02-2019}
}

@ARTICLE{I4,
    author={José Sebasti\'an Guti\'errez Calder\'on, Pedro Manuel Rodrigo Cruz},
    title={PROTOTIPO DE SISTEMA FOTOVOLTAICO CON SEGUIMIENTO SOLAR DE BAJO COSTO},
    journal={Universidad Panamericana campus Aguascalientes},
    year={2016},
}

@misc{I5:2019:Online,
    author = {meteored},
    title = {Hist\'orico del clima de Ciudad de M\'exico},
    year = {2019},
    howpublished = "\url{https://www.meteored.mx/ciudad-de-mexico/historico}",
    urldate = {30-04-2019}
}

@misc{I6:2019:Online,
    author = {Weather Atlas},
    title = {Previsi\'on meteorol\'ogica y clima mensual
    Ciudad de M\'exico, M\'exico},
    year = {2019},
    howpublished = "\url{https://www.weather-mx.com/es/mexico/ciudad-de-mexico-clima#humidity_relative}",
    urldate = {30-04-2019}
}

@ARTICLE{I7,
    author={M. C. Alonso Garc\'ia},
    title={EL GENERADOR FOTOVOLTAICO},
    journal={Madrid},
    year={2006/2007},
}

@ARTICLE{I8,
    author={A. E. Figueroa Hern\'andez},
    title={ANALISIS, DISE\´NO Y CONSTRUCCION DE UN SEGUIDOR SOLAR PARA CELDAS FOTOVOLTAICAS},
    journal={Santiago},
    year={2010},
}

@ARTICLE{I9,
    author={Sandia National Laboratories},
    title={STAND-ALONE PHOTOVOLTAIC SYSTEMS. A Handbook of Recommended Design Practices},
    journal={New Mexico},
    year={1995},
}

@article{I10,
    author = {Molina, Marcelo and Mercado, P and Wiernes, P},
    year = {2020},
    month = {06},
    pages = {},
    title = {Investigador CONICET. AN\'ALISIS Y SIMULACI\'ON DE ALGORITMOS DE CONTROL PARA EL SEGUIMIENTO DEL PUNTO DE M\'AXIMA POTENCIA DE SISTEMAS SOLARES FOTOVOLTAICOS CONECTADOS A LA RED EL\'ECTRICA}
}

@ARTICLE{I11,
    author={I. E. S. Malpartida},
    title={Concurrencia en SORT},
    year={2018},
}

@thesis{I12,
	author = {D. A. Flores Hern\'andez, S. I. Palomino Resendiz, N. Lozada Castillo, A. Luviano Ju\'arez y J. I. Chairez Oria},
	title = {Mechatronic design and implementation of a two axes sun tracking photovoltaic system driven by a robotic sensor},
	type = {Mechatronics Eng Thesis},
	institution = {Instituto Polit\'ecnico Nacional},
	date = {2017}
}

@thesis{I13,
	author = {J. A. Pelayo L\'opez, A. Luna Soto, F. Bernabe Ramos y B. Guzm\'an Flores},
	title = {Comparativa entre la eficiencia de un sistema fotovoltaico con seguimiento solar y la de un sistema fotovoltaico fijo},
	type = {M.Eng Thesis},
	institution = {Revista Iberoamericana de las Ciencias Biol\'ogicas y Agropecuarias},
	date = {2017}
}

@ARTICLE{I14,
    author={J. Barbosa},
    title={Estudio para el uso de la tecnolog\'ia solar fotovolt\'aica.},
    journal={Revista Ingenier\'ia Solidaria, vol. 6, nº 10},
    year={2010},
    pages={69 a 81}
}

@misc{I15:2007:Online,
    author = {P. P. y. M. Jofra},
    title = {Fundaci\'on de la Energ\'ia de la Comunidad de Madrid},
    year = {2007},
    howpublished = "\url{https://www.fenercom.com/pdf/publicaciones/cuadernos-energias-renovables-para-todos-solar-fotovoltaica.pdf}",
    urldate = {23-03-2019}
}

@misc{I16:2014:Online,
    author = {E. J. H. O. JAIR ARIEL CARDENAS MARTINEZ},
    title = {UNIVERSIDAD DE LA SALLE},
    year = {2014},
    howpublished = "\url{http://repository.lasalle.edu.co/bitstream/handle/10185/4003}",
    urldate = {04-2019}
}

@ARTICLE{I17,
    author={T. L. Saaty y L. G. Vargas},
    title={Models, Methods, Concepts & Applications of the Analytic Hierarchy Process},
    journal={New York: Springer},
    year={2012},
    pages={346}
}

%Referencias del Marco [Mx]
@book{M1,
    author = {Perpi\~{n}án Lamigueiro, Oscar},
    year = {2011},
    month = {01},
    pages = {174},
    title = {Energ\'ia Solar Fotovoltaica}
}

@misc{M2:2019:Online,
    author = {R. Salgado Garciglia},
    title = {Saber M\'as. Revista de Divulgaci\'on de la Universidad Michoacana de San Nicol\'as de Hidalgo},
    year = {2019},
    howpublished = "\url{https://sabermas.umich.mx/archivo/tecnologia/133-numero-1755/268-paneles-solares-generadores-de-energia-electrica.html}",
    urldate = {08-03-2019}
}

@misc{M3:2019:Online,
    author = {acciona. BUSSINESS AS UNUSUAL},
    title = {ENERG\'IA SOLAR FOTOVOLTAICA},
    year = {2019},
    howpublished = "\url{https://www.acciona.com/es/energias-renovables/energia-solar/fotovoltaica/}",
    urldate = {08-03-2019}
}

@ARTICLE{M4,
    author={A. Escobar Mejia, M. Holgu\'in Londo\~{n}o y J. C. Osorio R.},
    title={DISE\~{N}O E IMPLEMENTACI\'ON DE UN SEGUIDOR SOLAR PARA LA OPTIMIZACI\'ON DE UN SISTEMA FOTOVOLTAICO},
    journal={Scientia et Technica, nº 44},
    year={2010},
    pages={245-250}
}

@ARTICLE{M5,
    author={D. H. Guardado Guti\'errez y V. E. Rivera Ch\'avez},
    title={Implementaci\'on de Seguidor Solar en dos ejes para el Sistema Fotovoltaico de la Escuela de Ingenier\'ia El\'ectrica de la UES.},
    journal={Ciudad Universitaria},
    year={2012},
}

@ARTICLE{M6,
    author={A. Barrientos, L. F. Pe\~{n}in, C. Balaguer y R. Aracil},
    title={FUNDAMENTOS DE ROB\'OTICA, Segunda ed.},
    journal={S.A. MCGRAW-HILL, INTERAMERICANA DE ESPA\~{N}A},
    year={2007},
    pages={512}
}

@ARTICLE{M7,
    author={M. W. Spong, S. Hutchinson y M. Vidyasagar},
    title={Robot Modeling and Control, First ed.},
    journal={JOHN WILEY & SONS, INC.},
    year={},
    pages={419}
}

@BOOK{M8,
   author = "R. L. Norton",
   title= "DISE\~{N}O DE MAQUINARIA. S\'intesis y an\'alisis de m\'aquinas y mecanismos, Cuarta ed.",
   publisher = "McGraw-Hill",
   year = 2009,
   pages = 746
}

@ARTICLE{M9,
    author={A. S. Petrusev, V. M. Rulevskiy, Y. Z. Sarsikeyev y D. Y. Lyapunov},
    title={«Solar Tracker with Active Orientation,» de 2nd International Conference on Industrial Engineering, Applications and Manufacturing (ICIEAM)},
    journal={Tomsk},
    year={2016},
}

@ARTICLE{M10,
    author={Alistair B. Sproul},
    title={Derivation of the solar geometric relationships using vector analysis},
    journal={ELSEVIER},
    year={2006},
    pages={1187-1197}
}

@ARTICLE{M11,
    author={X. E. Castells},
    title={Energ\'ias renovables},
    journal={Madrid: Ediciones D\'iaz de Santos},
    year={2012},
    pages={4}
}

@ARTICLE{M12,
    author={R. C. J. J. Paredes Roberto Juan},
    title={Energ\'ias renovables variables y su contribuci\'on a la seguridad energ\'etica; complementariedad en Colombia},
    journal={Colombia: Banco Interamericano de Desarrollo},
    year={2017},
}

@UNPUBLISHED{M13,
    author={L. Daniela},
    title={M\'exico cierra 2018 con 38 parques solares en operaci\'on},
    note={El Financiero},
    year={31-12-2018},
}

@ARTICLE{M14,
    author={Asociaci\'on Mexicana de Mecatr\'onica A.C},
    title={C\'odigo de \'Etica del Ingeniero en Mecatr\'onica},
    journal={La Mecatr\'onica en M\'exico, vol. VI, nº 3},
    year={2017},
    pages={91-97}
}

@BOOK{M15,
   author = "K. Janschek",
   title= "Mechatronic System Design. Methods, Models, Concepts, First ed.",
   publisher = "Heidelberg: Springer-Verlag Berlin Heidelberg",
   year = 2012,
   pages = 805
}

@misc{M16,
    author = {F. Zwicky},
    title = {Swedish Morphological Society. Decision Support Modelling with Morphological Analysis},
    year = {2013},
    howpublished = "\url{http://www.swemorph.com/pdf/gma.pdf}",
    urldate = {06-09-2019}
}

@UNPUBLISHED{M17,
    author={D. A. Flores Hern\'andez},
    title={DISEÑO CONCEPTUAL},
    note={M\'exico},
    year={2019},
}

@BOOK{M18,
   author = "T. L. Saaty y L. G. Vargas",
   title= "Models, Methods, Concepts & Applications of the Analytic Hierarchy Process, Second ed.",
   publisher = "New York: Springer",
   year = 2012,
   pages = 346
}
%Referencias del Diseño Conceptual [DCx]
@misc{DC1,
    author = {},
    title = {INGENIERIA DEL DISE\~{n}O},
    year = {},
    howpublished = "\url{https://sites.google.com/site/ingenieriadeldiseno/diseno-conceptual}",
    urldate = {12-2019}
}

@ARTICLE{DC2,
    author={},
    title={Photovoltaic Systems. A Buyer's Guide},
    journal={Natural Resources Canada, Ottawa},
    year={2002},
}

@ARTICLE{DC3,
    author={Grupo de Nuevas Actividades Profesionales},
    title={Energ\'ia Solar Fotovoltaica},
    journal={Madrid},
    year={2002},
}

@BOOK{DC4,
   author = "D. M. Buede",
   title= "The Engineering Design of Systems: Models and Methods, Second ed.",
   publisher = "Hoboken, New Jersey: Wiley",
   year = 2009,
   pages = 524
}

@BOOK{DC5,
   author = "Aquilino Rodr\'iguez Penin",
   title= "Sistemas SCADA, 3a Ed. Cap. 5",
   publisher = "Alfaomega",
   year = 2017,
   pages = 49
}


%Referencias del Diseño Detallado [DDxx]
%Módulo Estructural [DDEsx]
@misc{DDEs1,
    author = {MOUSER ELECTRONICS},
    title = {Amphenol Advanced Sensors T9602-3-D-1},
    year = {},
    howpublished = "\url{https://www.mouser.mx/ProductDetail/Amphenol-Advanced-Sensors/T9602-3-D-1}",
    urldate = {11-2019}
}

@misc{DDEs2,
    author = {MOUSER ELECTRONICS},
    title = {Honeywell PX2EN1XX015PAAAX},
    year = {},
    howpublished = "\url{https://www.mouser.mx/ProductDetail/Honeywell/PX2EN1XX015PAAAX}",
    urldate = {11-2019}
}

@book{DDEs3,
  title={Dise{\~n}o de estructuras de acero},
  author={McCORMAC, Jack},
  year={2012},
  publisher={Alfaomega Grupo Editor}
}

@thesis{DDEs4,
	author = {Francisco Javier Llanos López},
	title = {SIMULACIÓN DEL FLUJO ALREDEDOR DE PANELES FOTOVOLTAICOS. DETERMINACIÓN DE CARGAS AERODINÁMICAS.},
	type = {D.Eng Thesis},
	institution = {UNIVERSIDAD POLITÉCNICA DE CARTAGENA},
	date = {2013}
}

@misc{DDEs5,
    author = {The Engineering ToolBox},
    title = {Drag Coefficient},
    year = {},
    howpublished = "\url{https://www.engineeringtoolbox.com/drag-coefficient-d_627.html}",
    urldate = {10-2019}
}

@book{DDEs6,
  title={Ruedas & Rodajas. Catálogo Prodcutos R1.2},
  author={Rodamex, soluciones en movimiento},
  year={},
  publisher={Rodamex}
}
%Módulo de Movimiento Azimutal [DDAx]
@misc{DDA1,
    author = {AUTOMATION DIRECT},
    title = {MTPM-P50-1L18},
    year = {},
    howpublished = "\url{https://www.automationdirect.com/adc/shopping/catalog/motors/dc_motors_(up_to_2hp)/general_purpose/mtpm-p50-1l18}",
    urldate = {10-2019}
}

@misc{DDA2,
    author = {AUTOMATION DIRECT},
    title = {WGA-63M-100-H1},
    year = {},
    howpublished = "\url{https://www.automationdirect.com/adc/shopping/catalog/power_transmission_(mechanical)/general_purpose_aluminum_worm_gearboxes/wga-63m-100-h1}",
    urldate = {10-2019}
}

@BOOK{DDA3,
   author = "Robert L. Mott, P.E.",
   title= "DISE\~{N}O DE ELEMENTOS DE M\'AQUINAS, Cuarta ed.",
   publisher = "PEARSON Education",
   year = 2006,
}

@misc{DDA4,
    author = {ROTOR CLIP},
    title = {ESPECIFICACIONES DEL PRODUCTO},
    year = {2008},
    howpublished = "\url{https://www.rotorclip.com/downloads/spanish\_catalog.pdf}",
    urldate = {05-2020}
}

@BOOK{DDA5,
   author = "NSK MOTION & CONTROL",
   title= "+ RODAMIENTOS",
   publisher = "NSK",
}

@misc{DDA6,
    author = {AUTOMATION DIRECT},
    title = {TRDA25RN2500VWDMS},
    year = {},
    howpublished = "\url{https://www.automationdirect.com/adc/shopping/catalog/sensors_-z-_encoders/rotary_encoders/medium_duty_incremental_encoders_(quadrature)/3-z-8_inch_solid_shaft_line_driver_w-z-ms_connector_(trda-25_series)/trda25rn2500vwdms}",
    urldate = {10-2019}
}

@misc{DDA7,
    author = {AUTOMATION DIRECT},
    title = {AEM2G4520Z11MR},
    year = {},
    howpublished = "\url{https://www.automationdirect.com/adc/shopping/catalog/sensors_-z-_encoders/limit_switches/metal_compact_limit_switches/side_rotary_lever_with_roller_actuator/aem2g4520z11mr}",
    urldate = {05-2020}
}

@misc{DDA8,
    author = {AUTOMATION DIRECT},
    title = {AEM2G7120Z11M},
    year = {},
    howpublished = "\url{https://www.automationdirect.com/adc/search/search?fctype=adc.falcon.search.SearchFormCtrl&cmd=Search&searchquery=AEM2G7120Z11M&categoryId=0&TxnNumber=-1&searchqty=10}",
    urldate = {05-2020}
}

@ARTICLE{DDA9,
    author={SECRETAR\'IA DE EDUCACI\'ON P\'UBLICA},
    title={NORMAS Y ESPECIFICACIONES PARA ESTUDIOS, PROYECTOS, CONSTRUCCI\'ON E INSTALACIONES},
    journal={INFRAESTRUCTURA EDUCATIVA, vol. 4, Tomo III},
    year={2015},
}

@BOOK{DDA10,
   author = "M. en C. JUAN ROBERTO RODR\'IGUEZ BELLO",
   title= "Apuntes de DISE\~{N}O AVANZADO DE ELEMENTOS DE M\'AQUINAS",
   publisher = "UPIITA-IPN",
   year = 2015
}

@BOOK{DDA11,
   author = "M. en C. JUAN ROBERTO RODR\'IGUEZ BELLO",
   title= "Apuntes de DISE\~{N}O AVANZADO DE ELEMENTOS DE M\'AQUINAS",
   publisher = "UPIITA-IPN",
   year = 2015
}

@BOOK{DDA12,
   author = "M. en C. JUAN ROBERTO RODR\'IGUEZ BELLO",
   title= "Apuntes de DISE\~{N}O AVANZADO DE ELEMENTOS DE M\'AQUINAS",
   publisher = "UPIITA-IPN",
   year = 2015
}

@ARTICLE{DDA13,
    author={SECRETAR\'IA DE EDUCACI\'ON P\'UBLICA},
    title={NORMAS Y ESPECIFICACIONES PARA ESTUDIOS, PROYECTOS, CONSTRUCCI\'ON E INSTALACIONES},
    journal={INFRAESTRUCTURA EDUCATIVA, vol. 4, Tomo III},
    year={2015},
}

@BOOK{DDA14,
   author = "M. en C. JUAN ROBERTO RODR\'IGUEZ BELLO",
   title= "Apuntes de DISE\~{N}O AVANZADO DE ELEMENTOS DE M\'AQUINAS",
   publisher = "UPIITA-IPN",
   year = 2015
}

@BOOK{DDA15,
   author = "M. en C. JUAN ROBERTO RODR\'IGUEZ BELLO",
   title= "Apuntes de DISE\~{N}O AVANZADO DE ELEMENTOS DE M\'AQUINAS",
   publisher = "UPIITA-IPN",
   year = 2015
}
%Módulo de Mando Central [DDCx]
@BOOK{DDC1,
   author = "R. D. Gerro Prinsloo",
   title= "SOLAR TRACKING Sun Position Sun Tracking Sun Following",
   publisher = "South Africa: Book Edition",
   year = 2015
}

@thesis{DDC2,
	author = {I. A. A. R. Maya},
	title = {DESARROLLO DE HERRAMIENTA DE CALIBRACIÓN PARA UN SEGUIDOR SOLAR},
	type = {Eng Thesis},
	institution = {CENTRO DE INGENIERIA Y DESARROLLO INDUSTRIAL, SANTIAGO DE QUERETARO, QUERETARO.},
	date = {2018}
}

@thesis{DDC3,
	author = {DAVID MARROQU\'IN GARC\'IA},
	title = {Sistema de Control para un Conjunto de Heli\'ostatos},
	type = {Eng Thesis},
	institution = {UNIVERSIDAD NACIONAL AUT\'ONOMA DE M\'EXICO}
}

@misc{DDC4,
    author = {ublox},
    title = {NEO-M8 series},
    year = {},
    howpublished = "\url{https://www.u-blox.com/en/product/neo-m8-series}",
    urldate = {10-2019}
}

@misc{DDC5,
    author = {Webstore International Electrotechnical Commission
    },
    title = {IEC 61131:2020 SER Series Programmable controllers - ALL PARTS},
    year = {},
    howpublished = "\url{https://webstore.iec.ch/publication/62427}",
    urldate = {10-2019}
}

@misc{DDC6,
    author = {arm MBED},
    title = {Development boards},
    year = {},
    howpublished = "\url{https://os.mbed.com/platforms/?q=&Communication=Ethernet&Target+Core=Cortex-M7}",
    urldate = {10-2019}
}

@misc{DDC7,
    author = {Controllino},
    title = {Products},
    year = {},
    howpublished = "\url{https://www.controllino.biz/shop/}",
    urldate = {10-2019}
}

@ARTICLE{DDC8,
    author={Roberto Grena},
    title={Five new algorithms for the computation of sun position from 2010 to 2110},
    journal={ELSEVIER},
    year={2012},
}

@ARTICLE{DDC9,
    author={Roberto Grena},
    title={Algorithms for the computation of the sun position from 2010 to 2110},
    journal={ELSEVIER},
    year={2012},
}

@MISC{DDC10,
	author = {Oleksiy Muzalyev},
	title = {HTTPd web-server on STM32 NUCLEO-F767ZI microcontroller.},
	year = {2020},
	howpublished ="\url{http://ausleuchtung.ch/stm32-nucleo-f767zi-web-server/}"
}

@MISC{DDC11,
	author = {},
	title = {SunEarthTools.com},
	year = {},
	howpublished ="\url{https://www.sunearthtools.com/dp/tools/pos_sun.php#txtSun_2}"
}
%Módulo Energético [DDEnx]
@MISC{DDE1,
	author = {LDK Solar},
	title = {LDK-255D-20 Professional Series},
	year = {2012},
	howpublished ="\url{http://sindominio.net/ash}"
}

@book{DDE2,
	title={Gesti{\'o}n del montaje de instalaciones solares fotovoltaicas},
	author={Mateo, Vicente Mascaros},
	year={2016},
	publisher={Ediciones Paraninfo, SA}
}

@MISC{DDE3,
	author = {NASA Prediction Of Worldwide Energy Resources},
	title = {Data Access Viewer},
	year={2016},
	howpublished = "\url{https://power.larc.nasa.gov/}"
}
	
@article{DDE4,
    author={Paternina, Mario Arrieta and Villalba, Luis Carlos Olmos and Nu{\~n}ez, Jorge Luis Izquierdo and L{\'o}pez, Ram{\'o}n Antonio {\'A}lvarez},
	title={Dise{\~n}o de prototipo de sistema solar fotovoltaico optimizando el {\'a}ngulo de inclinaci{\'o}n de los paneles solares},
	journal={Prospectiva},
	volume={10},
	number={1},
	pages={97--107},
	year={2012},
	publisher={Universidad Aut{\'o}noma del Caribe}
	}

@article{DDE5,
	title={A review of principle and sun-tracking methods for maximizing solar systems output},
	author={Mousazadeh, Hossein and Keyhani, Alireza and Javadi, Arzhang and Mobli, Hossein and Abrinia, Karen and Sharifi, Ahmad},
	journal={Renewable and sustainable energy reviews},
	volume={13},
	number={8},
	pages={1800--1818},
	year={2009},
	publisher={Elsevier}
}

@article{DDE6,
	title={Diario oficial de la federaci{\'o}n},
	author={de La Federaci{\'o}n, Diario Oficial},
	journal={M{\'e}xico, Distrito Federal},
	volume={1},
	year={2012}
}

@MISC{DDE7,
	author = {BIRTLH},
	title = {Dise\~no, dimensionado y selecci{\'o}n de componentes de instalaciones fotovoltaicas aut{\'o}nomas.},
	year={2013},
	howpublished = "\url{https://ikastaroak.ulhi.net/edu/es/IEA/ISF/ISF06/}"
}

@article{DDE8,
	title={Stand-alone photovoltaic systems: A handbook of recommended design practices},
	author={Risser, V and Post, H},
	journal={Sandia PV Design Assistance Center, SAND87-7023},
	year={1991}
}

@MISC{DDE9,
	author = {MON SOLAR},
	title = {Calculadora de reguladores solares.},
	year={2017},
	howpublished = "\url{https://www.monsolar.com/calculadora-regulador-solar}"
}

@MISC{DDE10,
	author = {MON SOLAR},
	title = {Calculadora secciones cables el\'ectricos.},
	year={2016},
	howpublished = "\url{https://www.monsolar.com/calculadora-secciones-cables}"
}

@MISC{DDE11,
	author = {European Commission},
	title = {Photovoltaic geographical information system.},
	year={2019},
	howpublished = "\url{ http://re.jrc.ec.europa.eu/pvg tools/en/tools.html\#PVP}"
}

@MISC{DDE12,
	author = {SunFields Europe},
	title = {Boletín Solar Fotovoltaica Autónoma.},
	%year={2019},
	howpublished = "\url{ https://www.sfe-solar.com/wp-content/uploads/2011/08/Sunfields_Manual-Calculo_Fotovoltaica_Autonomas.pdf}"
}

%Módulo Interfaz [DDIx]
@misc{DDI1,
    author = {AUTOMATION DIRECT},
    title = {EA9-PGMSW},
    year = {},
    howpublished = "\url{https://www.automationdirect.com/adc/shopping/catalog/software_products/operator_interface_configuration_software/ea9-pgmsw}"
}

@misc{DDI2,
    author = {AUTOMATION DIRECT},
    title = {EA9-T10WCL},
    year = {},
    howpublished = "\url{https://www.automationdirect.com/adc/shopping/catalog/hmi_(human_machine_interface)/c-more_touch_panels_ea9_series/c-more_ea9_series_touch_panels/ea9-t10wcl}"
}

%Integración Sistema [ISx]
@misc{IS1,
    author = {Logicbus},
    title = {DATASHEET CONTROLLINO MEGA},
    year = {2016},
    howpublished = "\url{https://www.logicbus.com.mx/pdf/plc/plc-arduino-controllino-mega.pdf}"
}
%la antigua 10



@thesis{PP2,
	author = {Jos\'e Sebasti\'an Guti\'errez Calder\'on and Pedro Manuel Rodrigo Cruz},
	title = {PROTOTIPO DE SISTEMA FOTOVOLTAICO CON SEGUIMIENTO SOLAR DE BAJO COSTO},
	type = {B.Eng Thesis},
	institution = {Universidad Panamericana campus Aguascalientes},
	date = {2016}
}


@MISC{prime-number-theorem,
   author = "Charles Louis Xavier Joseph de la Vall{\'e}e Poussin",
   note = "A strong form of the prime number theorem, 19th century" }

% ------------------------------------------------------------------------
@BOOK{texbook,
   author = "Donald E. Knuth",
   title= "The {{\TeX}book}",
   publisher = "Addison-Wesley",
   year = 1984 }

@INBOOK{SFPT,
 author={N. Dunford and J. T. Schwartz},
 title={Linear {Operators},
        {Part} {I}: {General} {Theory}},
 pages={456},
 publisher={Interscience},
 address={New York},
 year={1957},
}

% ------------------------------------------------------------------------



@ARTICLE{Rea85,
	author={C. J. Read},
	title={A solution to the invariant subspace problem on the space $l_1$},
	journal={Bull. London Math. Soc.},
	volume={17},
	year={1985},
	pages={305-317},
}

% ------------------------------------------------------------------------

@MASTERSTHESIS{Sim90,
 author={A. Simoni\v{c}},
 title={Grupe Operatorjev s Pozitivnim Spektrom},
 school={Univerza v Ljubljani, FNT, Oddelek za Matematiko},
 year={1990},
}

@UNPUBLISHED{Sim91,
 author={A. Simoni\v{c}},
 title={Notes on {Subharmonic} {Functions}},
 note={Lecture Notes, Dalhousie University,
       Department of Mathematics, Statistics, \& Computing Science},
 year={1991},
}

@PHDTHESIS{Sim94,
 author={A. Simoni\v{c}},
 title={An {Extension} of {Lomonosov's} {Techniques} to {Non}-{Compact}
       {Operators}},
 school={Dalhousie University,
         Department of Mathematics, Statistics, \& Computing Science},
 year={1994},
}

% ------------------------------------------------------------------------Manufactura

@BOOK{ProcessP,
   author = "P. Scallan",
   title= "Process Planning: The Design/Manufacture Interface",
   publisher = "Elsevier Science \& Technology Books",
   year = 2002
   }
   
 @MISC{Rol,
    author={Centro Integrado de Formación Profesional Avilés},
    title={Cálculo para el curveado de chapas, perfiles y tubos},
    howpublished = "\url{https://cifpaviles.webcindario.com/Curvado\%20de\%20perfiles\%20y\%20tubos.doc.pdf}"}
    
@PHDTHESIS{Diego,
 author={D.A Flores Hernández},
 title={Implementación del método de diseño para la manufactura y ensamble (DFMA) en la manufactura de moldes para inyección en colada fría de termoplásticos },
 type = {M.S. thesis},
 school={Sección de estudios de postgrado e investigación. Escuela superior de ingeniería mecánica y eléctrica. Instituto Politécnico Nacional },
 city={México D.F},
 year={2009},
 
}
@BOOK{Book,
   author = "E. Oberg, F. D. Jones, H. L. Horton y H. H. Ryffel",
   title= "Machinery\´s Handbook",
   publisher = "Industrial Press",
   edition="29",
   year = "2012"
   }
   
   
   @MISC{Broca,
   author = "GREENFIELD",
   title= "Catálogo 2010",
   howpublished = "\url{http://www.ferreteromayorista.com/images/catalogos/GREENFIELD.pdf}"
   }
   
   @MISC{Fresa,
   author = "PFERD",
   title= "Manual de herramientas 23 PFERD",
   howpublished = "\url{https://www.pferd.com/media/PDF-es/manual-de-herramientas/PFERD-manual-de-herramientas-es.pdf}"
   }
  
   @MISC{CEMEX,
   author = "CEMEX, UNAM",
   title= "Manual de autoconstrucción y mejoramiento de la vivienda",
   year="2017",
   howpublished = "\url{http://www.enmarcha.unam.mx/manual_autoconstruccion.pdf}"
   }
   
   @MISC{Metal,
   author = "J. Bautista Garay ventas Metaceros SA. DE CV",
   title= "(private communication)",
   year="2020"
   }
   
   @MISC{Toledo,
   author = "Importaciones Toledo S.A. DE C.V.",
   title= "Tornillería en general, lista de precios junio 2020",
   year="2020",
   howpublished = "\url{https://www.toledo.com.mx/Listas/Tornilleria.pdf}"
   }
   
    @MISC{Zapatita,
   author = "Tlapalería y Materiales para la Construcción Fátima",
   title= "(private communication)",
   year="2020"
   }
   
   @MISC{Ruedas,
   author = "Ruedas y Rodajas Sanchez S.A. DE C.V.",
   title= "(private communication)",
   year="2020"
   }